<record><leader>00000cas a22000007a 4500</leader><controlfield tag="001">31056400</controlfield><controlfield tag="008">940906d18921898mauwr ne      0    0eng d</controlfield><controlfield tag="009">9107</controlfield><datafield ind1=" " ind2=" " tag="010"><subfield code="a">sn 94055617 </subfield></datafield><datafield ind1=" " ind2=" " tag="040"><subfield code="a">MGN</subfield><subfield code="b">eng</subfield><subfield code="c">MGN</subfield><subfield code="d">DLC</subfield></datafield><datafield ind1=" " ind2=" " tag="042"><subfield code="a">msc</subfield></datafield><datafield ind1="0" ind2="0" tag="245"><subfield code="a">Essex County Mercury, weekly Salem gazette.</subfield></datafield><datafield ind1="1" ind2="0" tag="246"><subfield code="a">Weekly Salem gazette</subfield></datafield><datafield ind1=" " ind2=" " tag="260"><subfield code="a">Salem, Mass. :</subfield><subfield code="b">N. A. Horton &amp; Son,</subfield></datafield><datafield ind1=" " ind2=" " tag="300"><subfield code="a">v.</subfield></datafield><datafield ind1=" " ind2=" " tag="310"><subfield code="a">Weekly</subfield></datafield><datafield ind1="0" ind2=" " tag="362"><subfield code="a">New ser., vol. 1, no. 1 (Oct. 26, 1892)-n.s., v. 8, no. 6 (Feb. 9, 1898).</subfield></datafield><datafield ind1=" " ind2=" " tag="500"><subfield code="a">Publishers: N.A. Horton &amp; Son, Oct. 26, 1892-Dec. 19, 1894; John M. Potter and Abel G. Courtis, Dec. 26, 1894-1898.</subfield></datafield><datafield ind1=" " ind2=" " tag="580"><subfield code="a">Daily ed.: Salem daily gazette.</subfield></datafield><datafield ind1=" " ind2=" " tag="752"><subfield code="a">United States</subfield><subfield code="b">Massachusetts</subfield><subfield code="c">Essex</subfield><subfield code="d">Salem.</subfield></datafield><datafield ind1="1" ind2=" " tag="775"><subfield code="t">Salem daily gazette</subfield><subfield code="w">(DLC)sn 86063509</subfield></datafield><datafield ind1="0" ind2="0" tag="780"><subfield code="t">Essex County Mercury and weekly Salem gazette</subfield><subfield code="w">(DLC)sn 83020349</subfield></datafield><datafield ind1="0" ind2="0" tag="785"><subfield code="t">Essex County Mercury (Salem, Mass. : 1898)</subfield><subfield code="w">(DLC)sn 94055618</subfield></datafield></record>